%% This BibTeX bibliography file was created using BibDesk.
%% http://bibdesk.sourceforge.net/

@book{electstruct,
  author         = {Acke Guillaume, Bultinck Patrick},
  editor         = {},
  title          = {Electronic Structures},
  publisher      = {Ghent University},
  year           = {2019}
}

